<?xml version="1.0" encoding="UTF-8"?><record xmlns="http://www.loc.gov/MARC21/slim" xmlns:cinclude="http://apache.org/cocoon/include/1.0" xmlns:zs="http://www.loc.gov/zing/srw/">
  <leader>00594nz  a2200145n  4500</leader>
  <controlfield tag="001">no2010164664</controlfield>
  <controlfield tag="003">DLC</controlfield>
  <controlfield tag="005">20101010075320.0</controlfield>
  <controlfield tag="008">101008n| acannaabn          |a aaa     c</controlfield>
  <datafield tag="010" ind1=" " ind2=" ">
    <subfield code="a">no2010164664</subfield>
  </datafield>
  <datafield tag="035" ind1=" " ind2=" ">
    <subfield code="a">(OCoLC)oca08651558</subfield>
  </datafield>
  <datafield tag="040" ind1=" " ind2=" ">
    <subfield code="a">CFCPL</subfield>
    <subfield code="b">eng</subfield>
    <subfield code="c">CFCPL</subfield>
  </datafield>
  <datafield tag="100" ind1="1" ind2=" ">
    <subfield code="a">Noble, Elizabeth</subfield>
    <subfield code="q">(Elizabeth M.).</subfield>
    <subfield code="t">Things I want my daughters to know.</subfield>
    <subfield code="l">Korean</subfield>
  </datafield>
  <datafield tag="400" ind1="1" ind2=" ">
    <subfield code="a">Noble, Elizabeth</subfield>
    <subfield code="q">(Elizabeth M.).</subfield>
    <subfield code="t">Nae ttal ege tŭllyŏ chugo sipʻun iyagi : Ellijabesŭ Nobŭl changpʻyŏn sosŏl</subfield>
  </datafield>
  <datafield tag="670" ind1=" " ind2=" ">
    <subfield code="a">Nae ttal ege tŭllyŏ chugo sipʻun iyagi : Ellijabesŭ Nobŭl changpʻyŏn sosŏl, 2008.</subfield>
  </datafield>
</record>